<record><leader>00000cas a22000007a 4500</leader><controlfield tag="001">1766523</controlfield><controlfield tag="008">751101d18561868mnuwr ne      0    0eng d</controlfield><datafield ind1=" " ind2=" " tag="010"><subfield code="a">sn 84031074 </subfield></datafield><datafield ind1=" " ind2=" " tag="040"><subfield code="a">MUL</subfield><subfield code="b">eng</subfield><subfield code="c">MUL</subfield><subfield code="d">NYG</subfield><subfield code="d">NPX</subfield><subfield code="d">NPU</subfield><subfield code="d">NYS</subfield><subfield code="d">MN#</subfield><subfield code="d">OCL</subfield><subfield code="d">NYS</subfield><subfield code="d">OCLCQ</subfield><subfield code="d">OCLCF</subfield><subfield code="d">OCLCO</subfield></datafield><datafield ind1="1" ind2=" " tag="029"><subfield code="a">AU@</subfield><subfield code="b">000020350950</subfield></datafield><datafield ind1=" " ind2=" " tag="042"><subfield code="a">msc</subfield></datafield><datafield ind1=" " ind2=" " tag="043"><subfield code="a">n-us-mn</subfield></datafield><datafield ind1=" " ind2=" " tag="052"><subfield code="a">4144</subfield><subfield code="b">S9</subfield></datafield><datafield ind1=" " ind2=" " tag="052"><subfield code="a">4143</subfield><subfield code="b">W5</subfield></datafield><datafield ind1="0" ind2=" " tag="130"><subfield code="a">Stillwater messenger (Stillwater, Minn. : 1857)</subfield></datafield><datafield ind1="1" ind2="4" tag="245"><subfield code="a">The Stillwater messenger.</subfield></datafield><datafield ind1=" " ind2=" " tag="260"><subfield code="a">Stillwater, Minn. :</subfield><subfield code="b">Van Vorhes, &amp; Easton,</subfield><subfield code="c">-1868.</subfield></datafield><datafield ind1=" " ind2=" " tag="300"><subfield code="a">v.</subfield></datafield><datafield ind1=" " ind2=" " tag="310"><subfield code="a">Weekly</subfield></datafield><datafield ind1="1" ind2=" " tag="362"><subfield code="a">Began with Sept. 15, 1856, issue.</subfield></datafield><datafield ind1="0" ind2=" " tag="362"><subfield code="a">-v. 12, no. 27 (Mar. 11, 1868).</subfield></datafield><datafield ind1=" " ind2=" " tag="530"><subfield code="a">Available on microfilm from the Minnesota Historical Society.</subfield></datafield><datafield ind1=" " ind2=" " tag="588"><subfield code="a">Description based on: Vol. 2, no. 1 (Sept. 22, 1857).</subfield></datafield><datafield ind1=" " ind2="0" tag="651"><subfield code="a">Stillwater (Minn.)</subfield><subfield code="v">Newspapers.</subfield></datafield><datafield ind1=" " ind2="7" tag="655"><subfield code="a">Newspapers.</subfield><subfield code="2">fast</subfield><subfield code="0">(OCoLC)fst01423814</subfield></datafield><datafield ind1=" " ind2="7" tag="651"><subfield code="a">Minnesota</subfield><subfield code="z">Stillwater.</subfield><subfield code="2">fast</subfield><subfield code="0">(OCoLC)fst01224789</subfield></datafield><datafield ind1=" " ind2=" " tag="752"><subfield code="a">United States</subfield><subfield code="b">Minnesota</subfield><subfield code="c">Washington</subfield><subfield code="d">Stillwater.</subfield></datafield><datafield ind1="0" ind2="0" tag="785"><subfield code="t">Stillwater Republican</subfield><subfield code="w">(DLC)sn 90060505</subfield></datafield></record>